<?xml version="1.0" encoding="UTF-8"?><collection xmlns="http://www.loc.gov/MARC21/slim"><record><leader>00501nam--2200193-u-4500</leader><controlfield tag="001">000055721</controlfield><controlfield tag="002">20161230</controlfield><controlfield tag="005">20161230201052</controlfield><controlfield tag="008">130402s1000------------r-----000-0-ger-d</controlfield><datafield ind1=" " ind2=" " tag="040"><subfield code="a">IFIN-HH</subfield></datafield><datafield ind1=" " ind2=" " tag="041"><subfield code="a">ger</subfield></datafield><datafield ind1=" " ind2=" " tag="080"><subfield code="a">517.3</subfield></datafield><datafield ind1="1" ind2=" " tag="100"><subfield code="a">Kiepert, Ludwig</subfield></datafield><datafield ind1="1" ind2="0" tag="245"><subfield code="a">Grundriss der integral-rechnung</subfield><subfield code="c">Ludwig kiepert</subfield></datafield><datafield ind1=" " ind2=" " tag="260"><subfield code="a">Hannover</subfield><subfield code="b">Helwingsche Verlagshhandlung</subfield><subfield code="c">1922</subfield></datafield><datafield ind1=" " ind2=" " tag="300"><subfield code="a">2 VOL</subfield></datafield><datafield ind1="1" ind2=" " tag="787"><subfield code="a">Vol. Ii</subfield><subfield code="h">Xii+/614p./1020p</subfield></datafield><datafield ind1=" " ind2=" " tag="852"><subfield code="a">44400</subfield><subfield code="c">H.H</subfield></datafield><datafield ind1=" " ind2=" " tag="CAT"><subfield code="a">Sys</subfield><subfield code="c">20130402</subfield><subfield code="h">161307</subfield></datafield></record></collection>